<record><leader>00000cas a22000007a 4500</leader><controlfield tag="001">19409987</controlfield><controlfield tag="008">890321d18uu1925moudn ne      0    0eng d</controlfield><datafield ind1=" " ind2=" " tag="010"><subfield code="a">sn 89066005 </subfield></datafield><datafield ind1=" " ind2=" " tag="040"><subfield code="a">MQN</subfield><subfield code="b">eng</subfield><subfield code="c">MQN</subfield><subfield code="d">OCL</subfield><subfield code="d">OCLCQ</subfield><subfield code="d">OCLCF</subfield><subfield code="d">OCLCO</subfield></datafield><datafield ind1=" " ind2=" " tag="042"><subfield code="a">msc</subfield></datafield><datafield ind1=" " ind2=" " tag="043"><subfield code="a">n-us-mo</subfield></datafield><datafield ind1="0" ind2="0" tag="245"><subfield code="a">Moberly evening democrat.</subfield></datafield><datafield ind1="3" ind2="0" tag="246"><subfield code="a">Moberly Sunday democrat</subfield></datafield><datafield ind1="3" ind2="0" tag="246"><subfield code="a">Moberly morning democrat</subfield></datafield><datafield ind1=" " ind2=" " tag="260"><subfield code="a">Moberly, Mo. :</subfield><subfield code="b">Democrat Pub. Co.</subfield></datafield><datafield ind1=" " ind2=" " tag="300"><subfield code="a">v.</subfield></datafield><datafield ind1=" " ind2=" " tag="310"><subfield code="a">Daily (except Sat.)</subfield></datafield><datafield ind1="1" ind2=" " tag="362"><subfield code="a">Began in 1873?</subfield></datafield><datafield ind1="0" ind2=" " tag="362"><subfield code="a">-v. 54, no. 136 (Mar. 31, 1925).</subfield></datafield><datafield ind1=" " ind2=" " tag="588"><subfield code="a">Description based on: Vol. 25, no. 172 (Jan. 21, 1896).</subfield></datafield><datafield ind1=" " ind2="0" tag="651"><subfield code="a">Moberly (Mo.)</subfield><subfield code="v">Newspapers.</subfield></datafield><datafield ind1=" " ind2="7" tag="655"><subfield code="a">Newspapers.</subfield><subfield code="2">fast</subfield><subfield code="0">(OCoLC)fst01423814</subfield></datafield><datafield ind1=" " ind2="7" tag="651"><subfield code="a">Missouri</subfield><subfield code="z">Moberly.</subfield><subfield code="2">fast</subfield><subfield code="0">(OCoLC)fst01220810</subfield></datafield><datafield ind1=" " ind2=" " tag="752"><subfield code="a">United States</subfield><subfield code="b">Missouri</subfield><subfield code="c">Randolph</subfield><subfield code="d">Moberly.</subfield></datafield><datafield ind1="0" ind2="0" tag="780"><subfield code="t">Moberly daily democrat</subfield><subfield code="w">(DLC)sn 90073041</subfield></datafield><datafield ind1="0" ind2="7" tag="785"><subfield code="t">Moberly monitor-index</subfield><subfield code="w">(DLC)sn 89066007</subfield></datafield><datafield ind1="0" ind2="7" tag="785"><subfield code="t">Moberly monitor-index and Moberly evening democrat</subfield><subfield code="w">(DLC)sn 89066010</subfield></datafield></record>